@incollection{fomin05,
  title={Measure and conquer: domination -- a case study},
  author={Fomin, Fedor V and Grandoni, Fabrizio and Kratsch, Dieter},
  booktitle={Automata, Languages and Programming},
  pages={191--203},
  year={2005},
  publisher={Springer}
}

@misc{diestel,
  title={Graph theory. 2000},
  author={Diestel, Reinhard},
  year={2000},
  publisher={Springer-Verlag}
}

@misc{plesnik,
  title={Grafové algoritmy},
  author={Plesník, Ján},
  year={1983},
  publisher={VEDA}
}

@unpublished{kuko,
 author = {Kováč, Jakub},
 title = {Vyhľadávacie stromy a ich vizualizácia},
 note = {Bakalárska práca, Univerzita Komenského v Bratislave},
 year = {2007}
}

@misc{onot,
  title={Analytische Zahlentheorie},
  author={Bachmann, Paul Gustav Heinrich},
  year={1894},
  publisher={Teubner},
  note = {Leipzig, Germany}
}

@phdthesis{grandoni04,
 author = {Grandoni, Fabrizio},
 title = {Exact algorithms for hard graph problems},
 school = {Università di Roma “Tor Vergata”},
 year = {2004},
 address = {Taliansko},
}